
   <marc:record>
      <marc:leader>     cjm a22        4500</marc:leader>
      <marc:controlfield tag="001">265382289</marc:controlfield>
      <marc:controlfield tag="003">DE-576</marc:controlfield>
      <marc:controlfield tag="005">20180526093129.0</marc:controlfield>
      <marc:controlfield tag="007">sd uuuuuuuuuuu</marc:controlfield>
      <marc:controlfield tag="008">070606s2004    gw ||||| |||| |   | ger c</marc:controlfield>
      <marc:datafield tag="028" ind1="5" ind2="2">
         <marc:subfield code="a">Ruth 02</marc:subfield>
      </marc:datafield>
      <marc:datafield tag="028" ind1="5" ind2="2">
         <marc:subfield code="a">LC 01955</marc:subfield>
      </marc:datafield>
      <marc:datafield tag="035" ind1=" " ind2=" ">
         <marc:subfield code="a">(DE-627)1335382283</marc:subfield>
      </marc:datafield>
      <marc:datafield tag="035" ind1=" " ind2=" ">
         <marc:subfield code="a">(DE-576)265382289</marc:subfield>
      </marc:datafield>
      <marc:datafield tag="035" ind1=" " ind2=" ">
         <marc:subfield code="a">(DE-599)BSZ265382289</marc:subfield>
      </marc:datafield>
      <marc:datafield tag="035" ind1=" " ind2=" ">
         <marc:subfield code="a">(OCoLC)1033791202</marc:subfield>
      </marc:datafield>
      <marc:datafield tag="040" ind1=" " ind2=" ">
         <marc:subfield code="a">DE-576</marc:subfield>
         <marc:subfield code="b">ger</marc:subfield>
         <marc:subfield code="c">DE-576</marc:subfield>
         <marc:subfield code="e">rakwb</marc:subfield>
      </marc:datafield>
      <marc:datafield tag="041" ind1=" " ind2=" ">
         <marc:subfield code="a">ger</marc:subfield>
         <marc:subfield code="a">eng</marc:subfield>
      </marc:datafield>
      <marc:datafield tag="044" ind1=" " ind2=" ">
         <marc:subfield code="c">XA-DE</marc:subfield>
      </marc:datafield>
      <marc:datafield tag="084" ind1=" " ind2=" ">
         <marc:subfield code="a">LV 78605</marc:subfield>
         <marc:subfield code="2">rvk</marc:subfield>
         <marc:subfield code="0">(DE-625)rvk/114935:</marc:subfield>
      </marc:datafield>
      <marc:datafield tag="110" ind1="2" ind2=" ">
         <marc:subfield code="a">Profolk, Verband für Lied, Folk und Weltmusik in Deutschland</marc:subfield>
         <marc:subfield code="0">(DE-588)2168031-0</marc:subfield>
         <marc:subfield code="0">(DE-627)238996077</marc:subfield>
         <marc:subfield code="0">(DE-576)196771889</marc:subfield>
         <marc:subfield code="4">aut</marc:subfield>
      </marc:datafield>
      <marc:datafield tag="245" ind1="1" ind2="0">
         <marc:subfield code="a">Ruths and more... 2004 / Profolk</marc:subfield>
         <marc:subfield code="b">Folk, Song and World Music in Germany</marc:subfield>
         <marc:subfield code="c">TFF Rudolstadt 2004; MDR Kultur</marc:subfield>
      </marc:datafield>
      <marc:datafield tag="264" ind1=" " ind2="1">
         <marc:subfield code="a">Berlin, Duisburg</marc:subfield>
         <marc:subfield code="b">Profolk</marc:subfield>
         <marc:subfield code="c">P 2004</marc:subfield>
      </marc:datafield>
      <marc:datafield tag="300" ind1=" " ind2=" ">
         <marc:subfield code="a">1 CD</marc:subfield>
         <marc:subfield code="c">12 cm</marc:subfield>
         <marc:subfield code="e">Begleith.</marc:subfield>
      </marc:datafield>
      <marc:datafield tag="336" ind1=" " ind2=" ">
         <marc:subfield code="a">aufgeführte Musik</marc:subfield>
         <marc:subfield code="b">prm</marc:subfield>
         <marc:subfield code="2">rdacontent</marc:subfield>
      </marc:datafield>
      <marc:datafield tag="337" ind1=" " ind2=" ">
         <marc:subfield code="a">audio</marc:subfield>
         <marc:subfield code="b">s</marc:subfield>
         <marc:subfield code="2">rdamedia</marc:subfield>
      </marc:datafield>
      <marc:datafield tag="338" ind1=" " ind2=" ">
         <marc:subfield code="a">Audiodisk</marc:subfield>
         <marc:subfield code="b">sd</marc:subfield>
         <marc:subfield code="2">rdacarrier</marc:subfield>
      </marc:datafield>
      <marc:datafield tag="501" ind1=" " ind2=" ">
         <marc:subfield code="a">Frau von ungefähr / Max Manila</marc:subfield>
      </marc:datafield>
      <marc:datafield tag="501" ind1=" " ind2=" ">
         <marc:subfield code="a">Mo ohne Kopf / Tiger Willi</marc:subfield>
      </marc:datafield>
      <marc:datafield tag="501" ind1=" " ind2=" ">
         <marc:subfield code="a">Halyliyar/Bella Ffigliola / Yalla Babo Express Orchestra</marc:subfield>
      </marc:datafield>
      <marc:datafield tag="501" ind1=" " ind2=" ">
         <marc:subfield code="a">Blue Desert / Wu Wei</marc:subfield>
      </marc:datafield>
      <marc:datafield tag="501" ind1=" " ind2=" ">
         <marc:subfield code="a">Silver apples of the moon / Anne Wylie Band</marc:subfield>
      </marc:datafield>
      <marc:datafield tag="501" ind1=" " ind2=" ">
         <marc:subfield code="a">Heymischer / Khupe</marc:subfield>
      </marc:datafield>
      <marc:datafield tag="501" ind1=" " ind2=" ">
         <marc:subfield code="a">Schwalbengleich / Oliver Ziegler</marc:subfield>
      </marc:datafield>
      <marc:datafield tag="501" ind1=" " ind2=" ">
         <marc:subfield code="a">El Choclo / Quadro Nuevo</marc:subfield>
      </marc:datafield>
      <marc:datafield tag="501" ind1=" " ind2=" ">
         <marc:subfield code="a">Kleingärtners Traum / Liederjan</marc:subfield>
      </marc:datafield>
      <marc:datafield tag="501" ind1=" " ind2=" ">
         <marc:subfield code="a">Halo Aleina / Mahmoud Fadl</marc:subfield>
      </marc:datafield>
      <marc:datafield tag="501" ind1=" " ind2=" ">
         <marc:subfield code="a">Polka für die Welt / Hiss</marc:subfield>
      </marc:datafield>
      <marc:datafield tag="501" ind1=" " ind2=" ">
         <marc:subfield code="a">Riders of Tashkent / Matthias Frey</marc:subfield>
      </marc:datafield>
      <marc:datafield tag="501" ind1=" " ind2=" ">
         <marc:subfield code="a">Ja Shyara / Zoriya</marc:subfield>
      </marc:datafield>
      <marc:datafield tag="501" ind1=" " ind2=" ">
         <marc:subfield code="a">Bom De Mais / Menino</marc:subfield>
      </marc:datafield>
      <marc:datafield tag="501" ind1=" " ind2=" ">
         <marc:subfield code="a">Jahbonar / Hammerling</marc:subfield>
      </marc:datafield>
      <marc:datafield tag="511" ind1="0" ind2=" ">
         <marc:subfield code="a">Interpr.: 17 Hippies. Tiger Willi [Gsg.]. Bonzo [Git]. Yalla Babo Express Orchestra. Wu Wei (Global Jazz Trio). Anne Wylie Band. Khupe. Oliver Ziegler. Quadro Nuevo. Liederjan. Mahmoud Fadl. Hiss. Matthias Frey. Zoriya. Menino. Hammerling</marc:subfield>
      </marc:datafield>
      <marc:datafield tag="591" ind1=" " ind2=" ">
         <marc:subfield code="a">IMD-Felder und 1131 maschinell ergänzt (SWB)</marc:subfield>
      </marc:datafield>
      <marc:datafield tag="655" ind1=" " ind2="7">
         <marc:subfield code="a">CD</marc:subfield>
         <marc:subfield code="0">(DE-588)4522869-3</marc:subfield>
         <marc:subfield code="0">(DE-627)251637565</marc:subfield>
         <marc:subfield code="0">(DE-576)213310740</marc:subfield>
         <marc:subfield code="2">gnd-carrier</marc:subfield>
      </marc:datafield>
      <marc:datafield tag="700" ind1="0" ind2=" ">
         <marc:subfield code="a">Tiger Willi</marc:subfield>
         <marc:subfield code="d">1947-2017</marc:subfield>
         <marc:subfield code="0">(DE-588)135321859</marc:subfield>
         <marc:subfield code="0">(DE-627)576509531</marc:subfield>
         <marc:subfield code="0">(DE-576)265384060</marc:subfield>
         <marc:subfield code="4">prf</marc:subfield>
      </marc:datafield>
      <marc:datafield tag="700" ind1="0" ind2=" ">
         <marc:subfield code="a">Bonzo</marc:subfield>
         <marc:subfield code="d">1948-2006</marc:subfield>
         <marc:subfield code="0">(DE-588)143461109</marc:subfield>
         <marc:subfield code="0">(DE-627)704496909</marc:subfield>
         <marc:subfield code="0">(DE-576)265384761</marc:subfield>
         <marc:subfield code="4">prf</marc:subfield>
      </marc:datafield>
      <marc:datafield tag="700" ind1="1" ind2=" ">
         <marc:subfield code="a">Wei, Wu</marc:subfield>
         <marc:subfield code="d">1970-</marc:subfield>
         <marc:subfield code="0">(DE-588)133364976</marc:subfield>
         <marc:subfield code="0">(DE-627)543663493</marc:subfield>
         <marc:subfield code="0">(DE-576)189350822</marc:subfield>
         <marc:subfield code="4">prf</marc:subfield>
      </marc:datafield>
      <marc:datafield tag="700" ind1="1" ind2=" ">
         <marc:subfield code="a">Ziegler, Oliver</marc:subfield>
         <marc:subfield code="d">1971-</marc:subfield>
         <marc:subfield code="0">(DE-588)123895529</marc:subfield>
         <marc:subfield code="0">(DE-627)085508535</marc:subfield>
         <marc:subfield code="0">(DE-576)265468302</marc:subfield>
         <marc:subfield code="4">prf</marc:subfield>
      </marc:datafield>
      <marc:datafield tag="700" ind1="1" ind2=" ">
         <marc:subfield code="a">Fadl, Mahmoud</marc:subfield>
         <marc:subfield code="d">1955-</marc:subfield>
         <marc:subfield code="0">(DE-588)135056055</marc:subfield>
         <marc:subfield code="0">(DE-627)576277045</marc:subfield>
         <marc:subfield code="0">(DE-576)265469449</marc:subfield>
         <marc:subfield code="4">prf</marc:subfield>
      </marc:datafield>
      <marc:datafield tag="700" ind1="1" ind2=" ">
         <marc:subfield code="a">Frey, Matthias</marc:subfield>
         <marc:subfield code="d">1956-</marc:subfield>
         <marc:subfield code="0">(DE-588)134377907</marc:subfield>
         <marc:subfield code="0">(DE-627)575716908</marc:subfield>
         <marc:subfield code="0">(DE-576)265474132</marc:subfield>
         <marc:subfield code="4">prf</marc:subfield>
      </marc:datafield>
      <marc:datafield tag="700" ind1="0" ind2=" ">
         <marc:subfield code="a">Zoriya</marc:subfield>
         <marc:subfield code="0">(DE-588)143461281</marc:subfield>
         <marc:subfield code="0">(DE-627)646111965</marc:subfield>
         <marc:subfield code="0">(DE-576)265480019</marc:subfield>
         <marc:subfield code="4">prf</marc:subfield>
      </marc:datafield>
      <marc:datafield tag="710" ind1="2" ind2=" ">
         <marc:subfield code="a">17 Hippies</marc:subfield>
         <marc:subfield code="g">Musikgruppe</marc:subfield>
         <marc:subfield code="0">(DE-588)5569627-2</marc:subfield>
         <marc:subfield code="0">(DE-627)501203478</marc:subfield>
         <marc:subfield code="0">(DE-576)200325884</marc:subfield>
         <marc:subfield code="4">prf</marc:subfield>
      </marc:datafield>
      <marc:datafield tag="710" ind1="2" ind2=" ">
         <marc:subfield code="a">die.hammerling</marc:subfield>
         <marc:subfield code="0">(DE-588)10175892-3</marc:subfield>
         <marc:subfield code="0">(DE-627)538396512</marc:subfield>
         <marc:subfield code="0">(DE-576)265481236</marc:subfield>
         <marc:subfield code="4">prf</marc:subfield>
      </marc:datafield>
      <marc:datafield tag="710" ind1="2" ind2=" ">
         <marc:subfield code="a">Yalla Babo Express Orchestra</marc:subfield>
         <marc:subfield code="0">(DE-588)10175751-7</marc:subfield>
         <marc:subfield code="0">(DE-627)538395265</marc:subfield>
         <marc:subfield code="0">(DE-576)265385725</marc:subfield>
         <marc:subfield code="4">prf</marc:subfield>
      </marc:datafield>
      <marc:datafield tag="710" ind1="2" ind2=" ">
         <marc:subfield code="a">Global Jazz Trio</marc:subfield>
         <marc:subfield code="0">(DE-588)16038479-5</marc:subfield>
         <marc:subfield code="0">(DE-627)714625027</marc:subfield>
         <marc:subfield code="0">(DE-576)313324069</marc:subfield>
         <marc:subfield code="4">prf</marc:subfield>
      </marc:datafield>
      <marc:datafield tag="710" ind1="2" ind2=" ">
         <marc:subfield code="a">Anne Wylie Band</marc:subfield>
         <marc:subfield code="0">(DE-588)5565718-7</marc:subfield>
         <marc:subfield code="0">(DE-627)485713950</marc:subfield>
         <marc:subfield code="0">(DE-576)200108034</marc:subfield>
         <marc:subfield code="4">prf</marc:subfield>
      </marc:datafield>
      <marc:datafield tag="710" ind1="2" ind2=" ">
         <marc:subfield code="a">Khupe</marc:subfield>
         <marc:subfield code="0">(DE-588)10175902-2</marc:subfield>
         <marc:subfield code="0">(DE-627)53839658X</marc:subfield>
         <marc:subfield code="0">(DE-576)265467675</marc:subfield>
         <marc:subfield code="4">prf</marc:subfield>
      </marc:datafield>
      <marc:datafield tag="710" ind1="2" ind2=" ">
         <marc:subfield code="a">Quadro Nuevo</marc:subfield>
         <marc:subfield code="g">Musikgruppe</marc:subfield>
         <marc:subfield code="0">(DE-588)10143122-3</marc:subfield>
         <marc:subfield code="0">(DE-627)516579630</marc:subfield>
         <marc:subfield code="0">(DE-576)254453899</marc:subfield>
         <marc:subfield code="4">prf</marc:subfield>
      </marc:datafield>
      <marc:datafield tag="710" ind1="2" ind2=" ">
         <marc:subfield code="a">Liederjan</marc:subfield>
         <marc:subfield code="g">Musikgruppe</marc:subfield>
         <marc:subfield code="0">(DE-588)5204120-7</marc:subfield>
         <marc:subfield code="0">(DE-627)227062566</marc:subfield>
         <marc:subfield code="0">(DE-576)196113598</marc:subfield>
         <marc:subfield code="4">prf</marc:subfield>
      </marc:datafield>
      <marc:datafield tag="710" ind1="2" ind2=" ">
         <marc:subfield code="a">HISS</marc:subfield>
         <marc:subfield code="g">Musikgruppe</marc:subfield>
         <marc:subfield code="0">(DE-588)10175900-9</marc:subfield>
         <marc:subfield code="0">(DE-627)538396563</marc:subfield>
         <marc:subfield code="0">(DE-576)265470544</marc:subfield>
         <marc:subfield code="4">prf</marc:subfield>
      </marc:datafield>
      <marc:datafield tag="710" ind1="2" ind2=" ">
         <marc:subfield code="a">Menino</marc:subfield>
         <marc:subfield code="0">(DE-588)10175893-5</marc:subfield>
         <marc:subfield code="0">(DE-627)538396520</marc:subfield>
         <marc:subfield code="0">(DE-576)265480647</marc:subfield>
         <marc:subfield code="4">prf</marc:subfield>
      </marc:datafield>
      <marc:datafield tag="711" ind1="2" ind2=" ">
         <marc:subfield code="a">Tanz- &amp; Folkfest</marc:subfield>
         <marc:subfield code="n">14</marc:subfield>
         <marc:subfield code="d">2004</marc:subfield>
         <marc:subfield code="c">Rudolstadt</marc:subfield>
         <marc:subfield code="0">(DE-588)5569586-3</marc:subfield>
         <marc:subfield code="0">(DE-627)501203060</marc:subfield>
         <marc:subfield code="0">(DE-576)200325493</marc:subfield>
         <marc:subfield code="4">oth</marc:subfield>
      </marc:datafield>
      <marc:datafield tag="710" ind1="2" ind2=" ">
         <marc:subfield code="a">MDR Figaro</marc:subfield>
         <marc:subfield code="0">(DE-588)10100767-X</marc:subfield>
         <marc:subfield code="0">(DE-627)483890146</marc:subfield>
         <marc:subfield code="0">(DE-576)200249053</marc:subfield>
         <marc:subfield code="4">oth</marc:subfield>
      </marc:datafield>
      <marc:datafield tag="935" ind1=" " ind2=" ">
         <marc:subfield code="c">muto</marc:subfield>
      </marc:datafield>
      <marc:datafield tag="936" ind1="r" ind2="v">
         <marc:subfield code="a">LV 78605</marc:subfield>
         <marc:subfield code="b">World music / Ethno</marc:subfield>
         <marc:subfield code="k">Musikwissenschaft</marc:subfield>
         <marc:subfield code="k">III. Tonträger</marc:subfield>
         <marc:subfield code="k">Musikalische Volks- und Völkerkunde: Tonträger</marc:subfield>
         <marc:subfield code="k">Musik der außereuropäischen Völker - Tonträger</marc:subfield>
         <marc:subfield code="k">Afroamerikanische Musik, internationaler Schlager, Popmusik, Rockmusik, Worldmusic, Jazz u.a.</marc:subfield>
         <marc:subfield code="k">World music / Ethno</marc:subfield>
         <marc:subfield code="0">(DE-627)1441270582</marc:subfield>
         <marc:subfield code="0">(DE-625)rvk/114935:</marc:subfield>
         <marc:subfield code="0">(DE-576)371270588</marc:subfield>
      </marc:datafield>
      <marc:datafield tag="951" ind1=" " ind2=" ">
         <marc:subfield code="a">BO</marc:subfield>
      </marc:datafield>
   </marc:record>