
   <marc:record>
      <marc:leader>     ccm a22        4500</marc:leader>
      <marc:controlfield tag="001">261913247</marc:controlfield>
      <marc:controlfield tag="003">DE-576</marc:controlfield>
      <marc:controlfield tag="005">20201221152058.0</marc:controlfield>
      <marc:controlfield tag="007">qu</marc:controlfield>
      <marc:controlfield tag="008">070219s1933    xx ||||| |||| ||| | und c</marc:controlfield>
      <marc:datafield tag="024" ind1="8" ind2=" ">
         <marc:subfield code="a">86</marc:subfield>
         <marc:subfield code="q">Pl.-Nr.</marc:subfield>
      </marc:datafield>
      <marc:datafield tag="028" ind1="5" ind2="2">
         <marc:subfield code="a">Edition Steingräber 128</marc:subfield>
      </marc:datafield>
      <marc:datafield tag="035" ind1=" " ind2=" ">
         <marc:subfield code="a">(DE-627)1331913241</marc:subfield>
      </marc:datafield>
      <marc:datafield tag="035" ind1=" " ind2=" ">
         <marc:subfield code="a">(DE-576)261913247</marc:subfield>
      </marc:datafield>
      <marc:datafield tag="035" ind1=" " ind2=" ">
         <marc:subfield code="a">(DE-599)BSZ261913247</marc:subfield>
      </marc:datafield>
      <marc:datafield tag="035" ind1=" " ind2=" ">
         <marc:subfield code="a">(OCoLC)315742813</marc:subfield>
      </marc:datafield>
      <marc:datafield tag="040" ind1=" " ind2=" ">
         <marc:subfield code="a">DE-576</marc:subfield>
         <marc:subfield code="b">ger</marc:subfield>
         <marc:subfield code="c">DE-576</marc:subfield>
         <marc:subfield code="e">rakwb</marc:subfield>
      </marc:datafield>
      <marc:datafield tag="084" ind1=" " ind2=" ">
         <marc:subfield code="a">LU 63196</marc:subfield>
         <marc:subfield code="2">rvk</marc:subfield>
         <marc:subfield code="0">(DE-625)rvk/112970:</marc:subfield>
      </marc:datafield>
      <marc:datafield tag="084" ind1=" " ind2=" ">
         <marc:subfield code="a">LT 11750</marc:subfield>
         <marc:subfield code="2">rvk</marc:subfield>
      </marc:datafield>
      <marc:datafield tag="100" ind1="1" ind2=" ">
         <marc:subfield code="a">Beethoven, Ludwig van</marc:subfield>
         <marc:subfield code="d">1770-1827</marc:subfield>
         <marc:subfield code="0">(DE-588)118508288</marc:subfield>
         <marc:subfield code="0">(DE-627)133447375</marc:subfield>
         <marc:subfield code="0">(DE-576)160223660</marc:subfield>
         <marc:subfield code="4">aut</marc:subfield>
      </marc:datafield>
      <marc:datafield tag="240" ind1="1" ind2="0">
         <marc:subfield code="a">Konzerte, Kl Orch, op. 19</marc:subfield>
      </marc:datafield>
      <marc:datafield tag="245" ind1="1" ind2="0">
         <marc:subfield code="a">Klavier-Konzert Nr. 2 B-dur</marc:subfield>
         <marc:subfield code="b">op. 19</marc:subfield>
         <marc:subfield code="c">L. van Beethoven. Mit Erg. d. Vortragszeichen und Rev. d. Fingersätze von Willy Rehberg;</marc:subfield>
      </marc:datafield>
      <marc:datafield tag="246" ind1="3" ind2="0">
         <marc:subfield code="a">klavierkonzert 2.</marc:subfield>
      </marc:datafield>
      <marc:datafield tag="250" ind1=" " ind2=" ">
         <marc:subfield code="a">Ausg. mit unterlegtem 2. Klavier als Ersatz des Orch.</marc:subfield>
         <marc:subfield code="b">von Franz Kullak. Anhang: Kadenz von L. van Beethoven</marc:subfield>
      </marc:datafield>
      <marc:datafield tag="264" ind1=" " ind2="1">
         <marc:subfield code="a">Leipzig</marc:subfield>
         <marc:subfield code="b">Steingräber</marc:subfield>
         <marc:subfield code="c">c 1933</marc:subfield>
      </marc:datafield>
      <marc:datafield tag="300" ind1=" " ind2=" ">
         <marc:subfield code="a">45 S.</marc:subfield>
      </marc:datafield>
      <marc:datafield tag="336" ind1=" " ind2=" ">
         <marc:subfield code="a">Noten</marc:subfield>
         <marc:subfield code="b">ntm</marc:subfield>
         <marc:subfield code="2">rdacontent</marc:subfield>
      </marc:datafield>
      <marc:datafield tag="337" ind1=" " ind2=" ">
         <marc:subfield code="a">ohne Hilfsmittel zu benutzen</marc:subfield>
         <marc:subfield code="b">n</marc:subfield>
         <marc:subfield code="2">rdamedia</marc:subfield>
      </marc:datafield>
      <marc:datafield tag="338" ind1=" " ind2=" ">
         <marc:subfield code="a">Band</marc:subfield>
         <marc:subfield code="b">nc</marc:subfield>
         <marc:subfield code="2">rdacarrier</marc:subfield>
      </marc:datafield>
      <marc:datafield tag="490" ind1="0" ind2=" ">
         <marc:subfield code="a">Konzerte für Klavier mit Begleitung des Orchesters / L. van Beethoven</marc:subfield>
      </marc:datafield>
      <marc:datafield tag="583" ind1="1" ind2=" ">
         <marc:subfield code="a">Archivierung/Langzeitarchivierung geplant</marc:subfield>
         <marc:subfield code="c">20200919</marc:subfield>
         <marc:subfield code="f">DE-640</marc:subfield>
         <marc:subfield code="z">1</marc:subfield>
         <marc:subfield code="2">pdager</marc:subfield>
      </marc:datafield>
      <marc:datafield tag="591" ind1=" " ind2=" ">
         <marc:subfield code="a">bes: ddsu/sred; 5090 maschinell aus ähnlichen Titelaufnahmen ergänzt ; IMD-Felder und 1131 maschinell ergänzt (SWB)</marc:subfield>
      </marc:datafield>
      <marc:datafield tag="700" ind1="1" ind2=" ">
         <marc:subfield code="a">Kullak, Franz</marc:subfield>
         <marc:subfield code="d">1844-1913</marc:subfield>
         <marc:subfield code="e">Hrsg.</marc:subfield>
         <marc:subfield code="0">(DE-588)116607092</marc:subfield>
         <marc:subfield code="0">(DE-627)078094968</marc:subfield>
         <marc:subfield code="0">(DE-576)167940449</marc:subfield>
         <marc:subfield code="4">edt</marc:subfield>
      </marc:datafield>
      <marc:datafield tag="700" ind1="1" ind2=" ">
         <marc:subfield code="a">Rehberg, Willy</marc:subfield>
         <marc:subfield code="d">1862-1937</marc:subfield>
         <marc:subfield code="e">Bearb.</marc:subfield>
         <marc:subfield code="0">(DE-588)116391901</marc:subfield>
         <marc:subfield code="0">(DE-627)077897161</marc:subfield>
         <marc:subfield code="0">(DE-576)166943770</marc:subfield>
         <marc:subfield code="4">adp</marc:subfield>
      </marc:datafield>
      <marc:datafield tag="850" ind1=" " ind2=" ">
         <marc:subfield code="a">ab</marc:subfield>
      </marc:datafield>
      <marc:datafield tag="935" ind1=" " ind2=" ">
         <marc:subfield code="c">muno</marc:subfield>
      </marc:datafield>
      <marc:datafield tag="936" ind1="r" ind2="v">
         <marc:subfield code="a">LU 63196</marc:subfield>
         <marc:subfield code="b">Konzerte</marc:subfield>
         <marc:subfield code="k">Musikwissenschaft</marc:subfield>
         <marc:subfield code="k">II. Musica practica</marc:subfield>
         <marc:subfield code="k">Chronologischer Teil: Musica practica (Epochenfolge: Komponistenalphabete)</marc:subfield>
         <marc:subfield code="k">19. Jahrhundert</marc:subfield>
         <marc:subfield code="k">Einzelne Persönlichkeiten:</marc:subfield>
         <marc:subfield code="k">Persönlichkeiten B</marc:subfield>
         <marc:subfield code="k">Beethoven, Ludwig van</marc:subfield>
         <marc:subfield code="k">Darstellungen zum Werk</marc:subfield>
         <marc:subfield code="k">Konzerte</marc:subfield>
         <marc:subfield code="0">(DE-627)1272428931</marc:subfield>
         <marc:subfield code="0">(DE-625)rvk/112970:</marc:subfield>
         <marc:subfield code="0">(DE-576)202428931</marc:subfield>
      </marc:datafield>
      <marc:datafield tag="936" ind1="r" ind2="v">
         <marc:subfield code="a">LT 11750</marc:subfield>
         <marc:subfield code="b">Klavier</marc:subfield>
         <marc:subfield code="k">Musikwissenschaft</marc:subfield>
         <marc:subfield code="k">II. Musica practica</marc:subfield>
         <marc:subfield code="k">Sachteil: Musica practica (einschl. Realien mit geographischem Bezug)</marc:subfield>
         <marc:subfield code="k">Musikinstrumente; Spiel auf einzelnen Instrumenten und Instrumentengruppen; Musik für einzelne Instrumente und Instrumentengruppen</marc:subfield>
         <marc:subfield code="k">Darstellungen:</marc:subfield>
         <marc:subfield code="k">Speziell:</marc:subfield>
         <marc:subfield code="k">Spezielle: K</marc:subfield>
         <marc:subfield code="k">Klavier</marc:subfield>
         <marc:subfield code="0">(DE-627)127245830X</marc:subfield>
         <marc:subfield code="0">(DE-576)20245830X</marc:subfield>
      </marc:datafield>
      <marc:datafield tag="937" ind1=" " ind2=" ">
         <marc:subfield code="d">Zwei</marc:subfield>
         <marc:subfield code="e">Klavier (2)</marc:subfield>
         <marc:subfield code="f">Duo, Konzert</marc:subfield>
      </marc:datafield>
      <marc:datafield tag="951" ind1=" " ind2=" ">
         <marc:subfield code="a">BO</marc:subfield>
      </marc:datafield>
   </marc:record>