
   <marc:record>
      <marc:leader>     ccm a22       c4500</marc:leader>
      <marc:controlfield tag="001">258428252</marc:controlfield>
      <marc:controlfield tag="003">DE-576</marc:controlfield>
      <marc:controlfield tag="005">20200911101944.0</marc:controlfield>
      <marc:controlfield tag="007">qu</marc:controlfield>
      <marc:controlfield tag="008">061030s1937    xx ||||| |||| ||| | ger c</marc:controlfield>
      <marc:datafield tag="028" ind1="5" ind2="2">
         <marc:subfield code="a">E.M. 533</marc:subfield>
      </marc:datafield>
      <marc:datafield tag="035" ind1=" " ind2=" ">
         <marc:subfield code="a">(DE-627)1328428257</marc:subfield>
      </marc:datafield>
      <marc:datafield tag="035" ind1=" " ind2=" ">
         <marc:subfield code="a">(DE-576)258428252</marc:subfield>
      </marc:datafield>
      <marc:datafield tag="035" ind1=" " ind2=" ">
         <marc:subfield code="a">(DE-599)BSZ258428252</marc:subfield>
      </marc:datafield>
      <marc:datafield tag="035" ind1=" " ind2=" ">
         <marc:subfield code="a">(OCoLC)315338812</marc:subfield>
      </marc:datafield>
      <marc:datafield tag="035" ind1=" " ind2=" ">
         <marc:subfield code="a">(OCoLC)315338812</marc:subfield>
      </marc:datafield>
      <marc:datafield tag="040" ind1=" " ind2=" ">
         <marc:subfield code="a">DE-576</marc:subfield>
         <marc:subfield code="b">ger</marc:subfield>
         <marc:subfield code="c">DE-576</marc:subfield>
         <marc:subfield code="e">rakwb</marc:subfield>
      </marc:datafield>
      <marc:datafield tag="041" ind1=" " ind2=" ">
         <marc:subfield code="a">ger</marc:subfield>
      </marc:datafield>
      <marc:datafield tag="245" ind1="1" ind2="0">
         <marc:subfield code="a">Tanz im Film</marc:subfield>
         <marc:subfield code="n">3</marc:subfield>
         <marc:subfield code="p">18 bekannte Tanzschlager</marc:subfield>
      </marc:datafield>
      <marc:datafield tag="246" ind1="3" ind2="0">
         <marc:subfield code="a">Gemeinsame Ausg. mehrerer Verlage</marc:subfield>
      </marc:datafield>
      <marc:datafield tag="264" ind1=" " ind2="1">
         <marc:subfield code="a">Berlin</marc:subfield>
         <marc:subfield code="b">Ed. Meisel &amp; Co. [Alleinauslieferung]</marc:subfield>
         <marc:subfield code="c">1937</marc:subfield>
      </marc:datafield>
      <marc:datafield tag="300" ind1=" " ind2=" ">
         <marc:subfield code="a">39 S.</marc:subfield>
      </marc:datafield>
      <marc:datafield tag="336" ind1=" " ind2=" ">
         <marc:subfield code="a">Noten</marc:subfield>
         <marc:subfield code="b">ntm</marc:subfield>
         <marc:subfield code="2">rdacontent</marc:subfield>
      </marc:datafield>
      <marc:datafield tag="337" ind1=" " ind2=" ">
         <marc:subfield code="a">ohne Hilfsmittel zu benutzen</marc:subfield>
         <marc:subfield code="b">n</marc:subfield>
         <marc:subfield code="2">rdamedia</marc:subfield>
      </marc:datafield>
      <marc:datafield tag="338" ind1=" " ind2=" ">
         <marc:subfield code="a">Band</marc:subfield>
         <marc:subfield code="b">nc</marc:subfield>
         <marc:subfield code="2">rdacarrier</marc:subfield>
      </marc:datafield>
      <marc:datafield tag="500" ind1=" " ind2=" ">
         <marc:subfield code="a">Für Klav. und Gesang</marc:subfield>
      </marc:datafield>
      <marc:datafield tag="501" ind1=" " ind2=" ">
         <marc:subfield code="a">Ich tanze mit dir in den Himmel hinein / Musik: Friedrich Schröder [Sieben Ohrfeigen &lt;Ich tanze mit dir in den Himmel hinein&gt;]</marc:subfield>
      </marc:datafield>
      <marc:datafield tag="501" ind1=" " ind2=" ">
         <marc:subfield code="a">Capriolen : Foxtrot aus dem [gleichnamigen] Film / Musik: Peter Kreuder</marc:subfield>
      </marc:datafield>
      <marc:datafield tag="501" ind1=" " ind2=" ">
         <marc:subfield code="a">Tiefe Sehnsucht / Musik: Ralph Benatzky [Zu neuen Ufern &lt;Tiefe Sehnsucht&gt;]</marc:subfield>
      </marc:datafield>
      <marc:datafield tag="501" ind1=" " ind2=" ">
         <marc:subfield code="a">Paris, du bist die schönste Stadt der Welt / Musik: Theo Mackeben [Patrioten &lt;Paris, du bist die schönste Stadt der Welt&gt;]</marc:subfield>
      </marc:datafield>
      <marc:datafield tag="501" ind1=" " ind2=" ">
         <marc:subfield code="a">Zum Glücklichsein gehört nicht 'ne Million / Musik: Will Meisel [Karussell &lt;Zum Glücklichsein gehört nicht 'ne Million&gt; usw.]</marc:subfield>
      </marc:datafield>
      <marc:datafield tag="591" ind1=" " ind2=" ">
         <marc:subfield code="a">IMD-Felder und 1131 maschinell ergänzt (SWB)</marc:subfield>
      </marc:datafield>
      <marc:datafield tag="700" ind1="1" ind2=" ">
         <marc:subfield code="a">Schröder, Friedrich</marc:subfield>
         <marc:subfield code="d">1910-1972</marc:subfield>
         <marc:subfield code="0">(DE-588)132131358</marc:subfield>
         <marc:subfield code="0">(DE-627)518393062</marc:subfield>
         <marc:subfield code="0">(DE-576)258424346</marc:subfield>
         <marc:subfield code="4">oth</marc:subfield>
      </marc:datafield>
      <marc:datafield tag="700" ind1="1" ind2=" ">
         <marc:subfield code="a">Kreuder, Peter</marc:subfield>
         <marc:subfield code="d">1905-1981</marc:subfield>
         <marc:subfield code="0">(DE-588)118566725</marc:subfield>
         <marc:subfield code="0">(DE-627)079363075</marc:subfield>
         <marc:subfield code="0">(DE-576)168061341</marc:subfield>
         <marc:subfield code="4">oth</marc:subfield>
      </marc:datafield>
      <marc:datafield tag="700" ind1="1" ind2=" ">
         <marc:subfield code="a">Benatzky, Ralph</marc:subfield>
         <marc:subfield code="d">1884-1957</marc:subfield>
         <marc:subfield code="0">(DE-588)118655272</marc:subfield>
         <marc:subfield code="0">(DE-627)07944069X</marc:subfield>
         <marc:subfield code="0">(DE-576)168568772</marc:subfield>
         <marc:subfield code="4">oth</marc:subfield>
      </marc:datafield>
      <marc:datafield tag="700" ind1="1" ind2=" ">
         <marc:subfield code="a">Mackeben, Theo</marc:subfield>
         <marc:subfield code="d">1897-1953</marc:subfield>
         <marc:subfield code="0">(DE-588)124623921</marc:subfield>
         <marc:subfield code="0">(DE-627)363452028</marc:subfield>
         <marc:subfield code="0">(DE-576)167963643</marc:subfield>
         <marc:subfield code="4">oth</marc:subfield>
      </marc:datafield>
      <marc:datafield tag="700" ind1="1" ind2=" ">
         <marc:subfield code="a">Meisel, Will</marc:subfield>
         <marc:subfield code="d">1897-1967</marc:subfield>
         <marc:subfield code="0">(DE-588)119477459</marc:subfield>
         <marc:subfield code="0">(DE-627)080292305</marc:subfield>
         <marc:subfield code="0">(DE-576)212666630</marc:subfield>
         <marc:subfield code="4">oth</marc:subfield>
      </marc:datafield>
      <marc:datafield tag="773" ind1="1" ind2="8">
         <marc:subfield code="w">(DE-627)1328423808</marc:subfield>
         <marc:subfield code="w">(DE-576)258423803</marc:subfield>
         <marc:subfield code="g">3</marc:subfield>
         <marc:subfield code="q">3</marc:subfield>
         <marc:subfield code="7">|||m</marc:subfield>
      </marc:datafield>
      <marc:datafield tag="935" ind1=" " ind2=" ">
         <marc:subfield code="c">muno</marc:subfield>
      </marc:datafield>
      <marc:datafield tag="951" ind1=" " ind2=" ">
         <marc:subfield code="a">MV</marc:subfield>
      </marc:datafield>
   </marc:record>