
   <marc:record>
      <marc:leader>     cgm a22       c4500</marc:leader>
      <marc:controlfield tag="001">255601751</marc:controlfield>
      <marc:controlfield tag="003">DE-576</marc:controlfield>
      <marc:controlfield tag="005">20180726100450.0</marc:controlfield>
      <marc:controlfield tag="007">vd uvuuuu</marc:controlfield>
      <marc:controlfield tag="008">060725s2005    xx ||| |      |   v|und c</marc:controlfield>
      <marc:datafield tag="035" ind1=" " ind2=" ">
         <marc:subfield code="a">(DE-627)1325601756</marc:subfield>
      </marc:datafield>
      <marc:datafield tag="035" ind1=" " ind2=" ">
         <marc:subfield code="a">(DE-576)255601751</marc:subfield>
      </marc:datafield>
      <marc:datafield tag="035" ind1=" " ind2=" ">
         <marc:subfield code="a">(DE-599)BSZ255601751</marc:subfield>
      </marc:datafield>
      <marc:datafield tag="035" ind1=" " ind2=" ">
         <marc:subfield code="a">(OCoLC)315205897</marc:subfield>
      </marc:datafield>
      <marc:datafield tag="035" ind1=" " ind2=" ">
         <marc:subfield code="a">(OCoLC)1033788663</marc:subfield>
      </marc:datafield>
      <marc:datafield tag="040" ind1=" " ind2=" ">
         <marc:subfield code="a">DE-576</marc:subfield>
         <marc:subfield code="b">ger</marc:subfield>
         <marc:subfield code="c">DE-576</marc:subfield>
         <marc:subfield code="e">rakwb</marc:subfield>
      </marc:datafield>
      <marc:datafield tag="084" ind1=" " ind2=" ">
         <marc:subfield code="a">LV 78000</marc:subfield>
         <marc:subfield code="2">rvk</marc:subfield>
         <marc:subfield code="0">(DE-625)rvk/114908:</marc:subfield>
      </marc:datafield>
      <marc:datafield tag="111" ind1="2" ind2=" ">
         <marc:subfield code="a">Tanz- &amp; Folkfest</marc:subfield>
         <marc:subfield code="n">15</marc:subfield>
         <marc:subfield code="d">2005</marc:subfield>
         <marc:subfield code="c">Rudolstadt</marc:subfield>
         <marc:subfield code="0">(DE-588)6057782-4</marc:subfield>
         <marc:subfield code="0">(DE-627)515285021</marc:subfield>
         <marc:subfield code="0">(DE-576)256249547</marc:subfield>
         <marc:subfield code="4">aut</marc:subfield>
      </marc:datafield>
      <marc:datafield tag="245" ind1="1" ind2="0">
         <marc:subfield code="a">TFF, Rudolstadt 2005</marc:subfield>
         <marc:subfield code="n">DVD</marc:subfield>
         <marc:subfield code="p">TFF Rudolstadt 2005 : 1. - 3. Juli</marc:subfield>
      </marc:datafield>
      <marc:datafield tag="264" ind1=" " ind2="1">
         <marc:subfield code="a">[S.l.]</marc:subfield>
         <marc:subfield code="b">Loewenzahn [u.a.]</marc:subfield>
         <marc:subfield code="c">P 2005</marc:subfield>
      </marc:datafield>
      <marc:datafield tag="300" ind1=" " ind2=" ">
         <marc:subfield code="a">1 DVD-Video</marc:subfield>
         <marc:subfield code="c">12 cm</marc:subfield>
      </marc:datafield>
      <marc:datafield tag="336" ind1=" " ind2=" ">
         <marc:subfield code="a">aufgeführte Musik</marc:subfield>
         <marc:subfield code="b">prm</marc:subfield>
         <marc:subfield code="2">rdacontent</marc:subfield>
      </marc:datafield>
      <marc:datafield tag="336" ind1=" " ind2=" ">
         <marc:subfield code="a">zweidimensionales bewegtes Bild</marc:subfield>
         <marc:subfield code="b">tdi</marc:subfield>
         <marc:subfield code="2">rdacontent</marc:subfield>
      </marc:datafield>
      <marc:datafield tag="337" ind1=" " ind2=" ">
         <marc:subfield code="a">video</marc:subfield>
         <marc:subfield code="b">v</marc:subfield>
         <marc:subfield code="2">rdamedia</marc:subfield>
      </marc:datafield>
      <marc:datafield tag="338" ind1=" " ind2=" ">
         <marc:subfield code="a">Videodisk</marc:subfield>
         <marc:subfield code="b">vd</marc:subfield>
         <marc:subfield code="2">rdacarrier</marc:subfield>
      </marc:datafield>
      <marc:datafield tag="500" ind1=" " ind2=" ">
         <marc:subfield code="a">Enth. diverses Bonusmaterial: Videoclips von Malbrook, Sergent Garcia, Giant Sand, Kardes Türküler, Global Kryner, Berimbrown, Darko Rundek &amp; Cargo Orkestar, Chieftains</marc:subfield>
      </marc:datafield>
      <marc:datafield tag="501" ind1=" " ind2=" ">
         <marc:subfield code="a">Ein irrer Hauch von Welt! - TFF.Rudostadt 2005 / Autoren: Anke Deleiter ... Red.: Eva Hempel (Filmbericht, Deutschland, 2005)</marc:subfield>
      </marc:datafield>
      <marc:datafield tag="501" ind1=" " ind2=" ">
         <marc:subfield code="a">Magie im Spiel beim TFF.2005 - Gitarren unter Strom / das Magie-Projekt ... gestalteten: Enver Izmailov [e-g]. Haig Yazdjian  [oud voc fl]. Takashi Hirayasu &amp; Ken Ohtake [voc e-g sanshin]. Lance Harrison [guitars voc]. Bo Lindberg [e-g]. Alan Prosser [g e-g]. Daniel Owino Misiani [e-g voc]. Helmut Hattler [b]. Snorre Schwarz [dr]. Red. &amp; Regie: Eva Hempel (Filmbericht, Deutschland, 2005)</marc:subfield>
      </marc:datafield>
      <marc:datafield tag="501" ind1=" " ind2=" ">
         <marc:subfield code="a">Das Rad-ab-Festival - kunterbunte Lebenslust pur; TFF.Kinderfest / Red. / Regie: Mario Hempel (Filmbericht, Deutschland, 2005)</marc:subfield>
      </marc:datafield>
      <marc:datafield tag="591" ind1=" " ind2=" ">
         <marc:subfield code="a">IMD-Felder und 1131 maschinell ergänzt (SWB)</marc:subfield>
      </marc:datafield>
      <marc:datafield tag="655" ind1=" " ind2="7">
         <marc:subfield code="a">Film</marc:subfield>
         <marc:subfield code="0">(DE-588)4017102-4</marc:subfield>
         <marc:subfield code="0">(DE-627)104559683</marc:subfield>
         <marc:subfield code="0">(DE-576)208918531</marc:subfield>
         <marc:subfield code="2">gnd-content</marc:subfield>
      </marc:datafield>
      <marc:datafield tag="655" ind1=" " ind2="7">
         <marc:subfield code="a">DVD-Video</marc:subfield>
         <marc:subfield code="0">(DE-588)4585125-6</marc:subfield>
         <marc:subfield code="0">(DE-627)325263515</marc:subfield>
         <marc:subfield code="0">(DE-576)213973456</marc:subfield>
         <marc:subfield code="2">gnd-carrier</marc:subfield>
      </marc:datafield>
      <marc:datafield tag="700" ind1="1" ind2=" ">
         <marc:subfield code="a">Deleiter, Anke</marc:subfield>
         <marc:subfield code="4">oth</marc:subfield>
      </marc:datafield>
      <marc:datafield tag="700" ind1="1" ind2=" ">
         <marc:subfield code="a">Hempel, Eva</marc:subfield>
         <marc:subfield code="4">oth</marc:subfield>
      </marc:datafield>
      <marc:datafield tag="700" ind1="1" ind2=" ">
         <marc:subfield code="a">Herzog, Mario</marc:subfield>
         <marc:subfield code="0">(DE-588)1146899483</marc:subfield>
         <marc:subfield code="0">(DE-627)1008320072</marc:subfield>
         <marc:subfield code="0">(DE-576)260509248</marc:subfield>
         <marc:subfield code="4">oth</marc:subfield>
      </marc:datafield>
      <marc:datafield tag="700" ind1="1" ind2=" ">
         <marc:subfield code="a">Izmailov, Enver</marc:subfield>
         <marc:subfield code="0">(DE-588)13488180X</marc:subfield>
         <marc:subfield code="0">(DE-627)692848266</marc:subfield>
         <marc:subfield code="0">(DE-576)260509930</marc:subfield>
         <marc:subfield code="4">prf</marc:subfield>
      </marc:datafield>
      <marc:datafield tag="700" ind1="1" ind2=" ">
         <marc:subfield code="a">Schwarz, Snorre</marc:subfield>
         <marc:subfield code="0">(DE-588)1146899564</marc:subfield>
         <marc:subfield code="0">(DE-627)1008320153</marc:subfield>
         <marc:subfield code="0">(DE-576)260511714</marc:subfield>
         <marc:subfield code="4">prf</marc:subfield>
      </marc:datafield>
      <marc:datafield tag="700" ind1="1" ind2=" ">
         <marc:subfield code="a">García, Sergent</marc:subfield>
         <marc:subfield code="d">1964-</marc:subfield>
         <marc:subfield code="0">(DE-588)135459958</marc:subfield>
         <marc:subfield code="0">(DE-627)57662747X</marc:subfield>
         <marc:subfield code="0">(DE-576)260503355</marc:subfield>
         <marc:subfield code="4">prf</marc:subfield>
      </marc:datafield>
      <marc:datafield tag="700" ind1="1" ind2=" ">
         <marc:subfield code="a">Yazdjian, Haïg</marc:subfield>
         <marc:subfield code="0">(DE-588)1146899505</marc:subfield>
         <marc:subfield code="0">(DE-627)1008320099</marc:subfield>
         <marc:subfield code="0">(DE-576)260510068</marc:subfield>
         <marc:subfield code="4">prf</marc:subfield>
      </marc:datafield>
      <marc:datafield tag="700" ind1="1" ind2=" ">
         <marc:subfield code="a">Hirayasu, Takashi</marc:subfield>
         <marc:subfield code="0">(DE-588)13523767X</marc:subfield>
         <marc:subfield code="0">(DE-627)576435163</marc:subfield>
         <marc:subfield code="0">(DE-576)26051019X</marc:subfield>
         <marc:subfield code="4">prf</marc:subfield>
      </marc:datafield>
      <marc:datafield tag="700" ind1="1" ind2=" ">
         <marc:subfield code="a">Ohtake, Ken</marc:subfield>
         <marc:subfield code="0">(DE-588)1146899513</marc:subfield>
         <marc:subfield code="0">(DE-627)1008320102</marc:subfield>
         <marc:subfield code="0">(DE-576)260510505</marc:subfield>
         <marc:subfield code="4">prf</marc:subfield>
      </marc:datafield>
      <marc:datafield tag="700" ind1="1" ind2=" ">
         <marc:subfield code="a">Harrison, Lance</marc:subfield>
         <marc:subfield code="0">(DE-588)1146899521</marc:subfield>
         <marc:subfield code="0">(DE-627)1008320110</marc:subfield>
         <marc:subfield code="0">(DE-576)260510602</marc:subfield>
         <marc:subfield code="4">prf</marc:subfield>
      </marc:datafield>
      <marc:datafield tag="700" ind1="1" ind2=" ">
         <marc:subfield code="a">Lindberg, Bo</marc:subfield>
         <marc:subfield code="0">(DE-588)114689953X</marc:subfield>
         <marc:subfield code="0">(DE-627)1008320129</marc:subfield>
         <marc:subfield code="0">(DE-576)260510726</marc:subfield>
         <marc:subfield code="4">prf</marc:subfield>
      </marc:datafield>
      <marc:datafield tag="700" ind1="1" ind2=" ">
         <marc:subfield code="a">Prosser, Alan</marc:subfield>
         <marc:subfield code="0">(DE-588)1146899548</marc:subfield>
         <marc:subfield code="0">(DE-627)1008320137</marc:subfield>
         <marc:subfield code="0">(DE-576)260510815</marc:subfield>
         <marc:subfield code="4">prf</marc:subfield>
      </marc:datafield>
      <marc:datafield tag="700" ind1="1" ind2=" ">
         <marc:subfield code="a">Misiani, Daniel Owino</marc:subfield>
         <marc:subfield code="d">1940-2006</marc:subfield>
         <marc:subfield code="0">(DE-588)1081462345</marc:subfield>
         <marc:subfield code="0">(DE-627)846130785</marc:subfield>
         <marc:subfield code="0">(DE-576)260511498</marc:subfield>
         <marc:subfield code="4">prf</marc:subfield>
      </marc:datafield>
      <marc:datafield tag="700" ind1="1" ind2=" ">
         <marc:subfield code="a">Hattler, Hellmut</marc:subfield>
         <marc:subfield code="d">1952-</marc:subfield>
         <marc:subfield code="0">(DE-588)134399781</marc:subfield>
         <marc:subfield code="0">(DE-627)575732970</marc:subfield>
         <marc:subfield code="0">(DE-576)316752487</marc:subfield>
         <marc:subfield code="4">prf</marc:subfield>
      </marc:datafield>
      <marc:datafield tag="710" ind1="2" ind2=" ">
         <marc:subfield code="a">Malbrook</marc:subfield>
         <marc:subfield code="0">(DE-588)10161913-3</marc:subfield>
         <marc:subfield code="0">(DE-627)714344125</marc:subfield>
         <marc:subfield code="0">(DE-576)260502553</marc:subfield>
         <marc:subfield code="4">prf</marc:subfield>
      </marc:datafield>
      <marc:datafield tag="710" ind1="2" ind2=" ">
         <marc:subfield code="a">Giant Sand</marc:subfield>
         <marc:subfield code="g">Musikgruppe</marc:subfield>
         <marc:subfield code="0">(DE-588)10148340-5</marc:subfield>
         <marc:subfield code="0">(DE-627)518251853</marc:subfield>
         <marc:subfield code="0">(DE-576)255786387</marc:subfield>
         <marc:subfield code="4">prf</marc:subfield>
      </marc:datafield>
      <marc:datafield tag="710" ind1="2" ind2=" ">
         <marc:subfield code="a">Kardes Türküler</marc:subfield>
         <marc:subfield code="0">(DE-588)10148329-6</marc:subfield>
         <marc:subfield code="0">(DE-627)518251748</marc:subfield>
         <marc:subfield code="0">(DE-576)255779666</marc:subfield>
         <marc:subfield code="4">prf</marc:subfield>
      </marc:datafield>
      <marc:datafield tag="710" ind1="2" ind2=" ">
         <marc:subfield code="a">Global Kryner</marc:subfield>
         <marc:subfield code="0">(DE-588)10161906-6</marc:subfield>
         <marc:subfield code="0">(DE-627)525265597</marc:subfield>
         <marc:subfield code="0">(DE-576)260505110</marc:subfield>
         <marc:subfield code="4">prf</marc:subfield>
      </marc:datafield>
      <marc:datafield tag="710" ind1="2" ind2=" ">
         <marc:subfield code="a">Berimbrown</marc:subfield>
         <marc:subfield code="0">(DE-588)10147314-X</marc:subfield>
         <marc:subfield code="0">(DE-627)714302775</marc:subfield>
         <marc:subfield code="0">(DE-576)255763786</marc:subfield>
         <marc:subfield code="4">prf</marc:subfield>
      </marc:datafield>
      <marc:datafield tag="710" ind1="2" ind2=" ">
         <marc:subfield code="a">Darko Rundek &amp; Cargo Orkestar</marc:subfield>
         <marc:subfield code="0">(DE-588)10147313-8</marc:subfield>
         <marc:subfield code="0">(DE-627)517542366</marc:subfield>
         <marc:subfield code="0">(DE-576)255763670</marc:subfield>
         <marc:subfield code="4">prf</marc:subfield>
      </marc:datafield>
      <marc:datafield tag="710" ind1="2" ind2=" ">
         <marc:subfield code="a">The Chieftains</marc:subfield>
         <marc:subfield code="0">(DE-588)3016264-6</marc:subfield>
         <marc:subfield code="0">(DE-627)124366457</marc:subfield>
         <marc:subfield code="0">(DE-576)194421597</marc:subfield>
         <marc:subfield code="4">prf</marc:subfield>
      </marc:datafield>
      <marc:datafield tag="773" ind1="1" ind2="8">
         <marc:subfield code="w">(DE-627)1325600245</marc:subfield>
         <marc:subfield code="w">(DE-576)255600240</marc:subfield>
         <marc:subfield code="g">DVD</marc:subfield>
         <marc:subfield code="q">DVD</marc:subfield>
         <marc:subfield code="7">|||m</marc:subfield>
      </marc:datafield>
      <marc:datafield tag="935" ind1=" " ind2=" ">
         <marc:subfield code="c">vide</marc:subfield>
         <marc:subfield code="c">muto</marc:subfield>
      </marc:datafield>
      <marc:datafield tag="936" ind1="r" ind2="v">
         <marc:subfield code="a">LV 78000</marc:subfield>
         <marc:subfield code="b">Allgemeines</marc:subfield>
         <marc:subfield code="k">Musikwissenschaft</marc:subfield>
         <marc:subfield code="k">III. Tonträger</marc:subfield>
         <marc:subfield code="k">Musikalische Volks- und Völkerkunde: Tonträger</marc:subfield>
         <marc:subfield code="k">Musik der außereuropäischen Völker - Tonträger</marc:subfield>
         <marc:subfield code="k">Afroamerikanische Musik, internationaler Schlager, Popmusik, Rockmusik, Worldmusic, Jazz u.a.</marc:subfield>
         <marc:subfield code="k">Allgemeines</marc:subfield>
         <marc:subfield code="0">(DE-627)1272156540</marc:subfield>
         <marc:subfield code="0">(DE-625)rvk/114908:</marc:subfield>
         <marc:subfield code="0">(DE-576)202156540</marc:subfield>
      </marc:datafield>
      <marc:datafield tag="951" ind1=" " ind2=" ">
         <marc:subfield code="a">MV</marc:subfield>
      </marc:datafield>
   </marc:record>