
   <marc:record>
      <marc:leader>     cjm a22       c4500</marc:leader>
      <marc:controlfield tag="001">255601360</marc:controlfield>
      <marc:controlfield tag="003">DE-576</marc:controlfield>
      <marc:controlfield tag="005">20180726100449.0</marc:controlfield>
      <marc:controlfield tag="007">sd uuuuuuuuuuu</marc:controlfield>
      <marc:controlfield tag="008">060725s2005    xx ||||| |||| |   | ger c</marc:controlfield>
      <marc:datafield tag="035" ind1=" " ind2=" ">
         <marc:subfield code="a">(DE-627)1325601365</marc:subfield>
      </marc:datafield>
      <marc:datafield tag="035" ind1=" " ind2=" ">
         <marc:subfield code="a">(DE-576)255601360</marc:subfield>
      </marc:datafield>
      <marc:datafield tag="035" ind1=" " ind2=" ">
         <marc:subfield code="a">(DE-599)BSZ255601360</marc:subfield>
      </marc:datafield>
      <marc:datafield tag="035" ind1=" " ind2=" ">
         <marc:subfield code="a">(OCoLC)315205674</marc:subfield>
      </marc:datafield>
      <marc:datafield tag="035" ind1=" " ind2=" ">
         <marc:subfield code="a">(OCoLC)1033797853</marc:subfield>
      </marc:datafield>
      <marc:datafield tag="040" ind1=" " ind2=" ">
         <marc:subfield code="a">DE-576</marc:subfield>
         <marc:subfield code="b">ger</marc:subfield>
         <marc:subfield code="c">DE-576</marc:subfield>
         <marc:subfield code="e">rakwb</marc:subfield>
      </marc:datafield>
      <marc:datafield tag="041" ind1=" " ind2=" ">
         <marc:subfield code="a">ger</marc:subfield>
      </marc:datafield>
      <marc:datafield tag="084" ind1=" " ind2=" ">
         <marc:subfield code="a">LV 78000</marc:subfield>
         <marc:subfield code="2">rvk</marc:subfield>
         <marc:subfield code="0">(DE-625)rvk/114908:</marc:subfield>
      </marc:datafield>
      <marc:datafield tag="111" ind1="2" ind2=" ">
         <marc:subfield code="a">Tanz- &amp; Folkfest</marc:subfield>
         <marc:subfield code="n">15</marc:subfield>
         <marc:subfield code="d">2005</marc:subfield>
         <marc:subfield code="c">Rudolstadt</marc:subfield>
         <marc:subfield code="0">(DE-588)6057782-4</marc:subfield>
         <marc:subfield code="0">(DE-627)515285021</marc:subfield>
         <marc:subfield code="0">(DE-576)256249547</marc:subfield>
         <marc:subfield code="4">aut</marc:subfield>
      </marc:datafield>
      <marc:datafield tag="245" ind1="1" ind2="0">
         <marc:subfield code="a">TFF, Rudolstadt 2005</marc:subfield>
         <marc:subfield code="n">CD</marc:subfield>
         <marc:subfield code="p">TFF, Rudolstadt 2005 : roots folk world music festival</marc:subfield>
      </marc:datafield>
      <marc:datafield tag="264" ind1=" " ind2="1">
         <marc:subfield code="a">[S.l.]</marc:subfield>
         <marc:subfield code="b">Loewenzahn [u.a.]</marc:subfield>
         <marc:subfield code="c">P 2005</marc:subfield>
      </marc:datafield>
      <marc:datafield tag="300" ind1=" " ind2=" ">
         <marc:subfield code="a">1 CD</marc:subfield>
         <marc:subfield code="c">12 cm</marc:subfield>
         <marc:subfield code="e">Beih.</marc:subfield>
      </marc:datafield>
      <marc:datafield tag="336" ind1=" " ind2=" ">
         <marc:subfield code="a">aufgeführte Musik</marc:subfield>
         <marc:subfield code="b">prm</marc:subfield>
         <marc:subfield code="2">rdacontent</marc:subfield>
      </marc:datafield>
      <marc:datafield tag="337" ind1=" " ind2=" ">
         <marc:subfield code="a">audio</marc:subfield>
         <marc:subfield code="b">s</marc:subfield>
         <marc:subfield code="2">rdamedia</marc:subfield>
      </marc:datafield>
      <marc:datafield tag="338" ind1=" " ind2=" ">
         <marc:subfield code="a">Audiodisk</marc:subfield>
         <marc:subfield code="b">sd</marc:subfield>
         <marc:subfield code="2">rdacarrier</marc:subfield>
      </marc:datafield>
      <marc:datafield tag="500" ind1=" " ind2=" ">
         <marc:subfield code="a">Live-Aufn.: 1.-3. Juli 2005</marc:subfield>
      </marc:datafield>
      <marc:datafield tag="501" ind1=" " ind2=" ">
         <marc:subfield code="a">www.Hausen DE / Biemösl Blosn</marc:subfield>
      </marc:datafield>
      <marc:datafield tag="501" ind1=" " ind2=" ">
         <marc:subfield code="a">Shane / Darko Rundek &amp; Cargo Orkestar</marc:subfield>
      </marc:datafield>
      <marc:datafield tag="501" ind1=" " ind2=" ">
         <marc:subfield code="a">Fuzué / Berimbrown</marc:subfield>
      </marc:datafield>
      <marc:datafield tag="501" ind1=" " ind2=" ">
         <marc:subfield code="a">La Passien/Dieu vos gàrd' sénher, Guilhamèu / Lo Còr de la Plana</marc:subfield>
      </marc:datafield>
      <marc:datafield tag="501" ind1=" " ind2=" ">
         <marc:subfield code="a">Si bhéag si mhór / The Chieftains</marc:subfield>
      </marc:datafield>
      <marc:datafield tag="501" ind1=" " ind2=" ">
         <marc:subfield code="a">Elleri Pamuk / Kardes Türküler</marc:subfield>
      </marc:datafield>
      <marc:datafield tag="501" ind1=" " ind2=" ">
         <marc:subfield code="a">Palestine / Jim Page &amp; Artis the Spoonman</marc:subfield>
      </marc:datafield>
      <marc:datafield tag="501" ind1=" " ind2=" ">
         <marc:subfield code="a">Rudolstadt mirë se të gjetem / Jonianet</marc:subfield>
      </marc:datafield>
      <marc:datafield tag="501" ind1=" " ind2=" ">
         <marc:subfield code="a">MBO / Tri-Continental</marc:subfield>
      </marc:datafield>
      <marc:datafield tag="501" ind1=" " ind2=" ">
         <marc:subfield code="a">Out on the road / Giant Sand</marc:subfield>
      </marc:datafield>
      <marc:datafield tag="501" ind1=" " ind2=" ">
         <marc:subfield code="a">Kahvipaketti Humppa / Eläkeläiset</marc:subfield>
      </marc:datafield>
      <marc:datafield tag="501" ind1=" " ind2=" ">
         <marc:subfield code="a">Muñeca Fallada / Tango Crash</marc:subfield>
      </marc:datafield>
      <marc:datafield tag="501" ind1=" " ind2=" ">
         <marc:subfield code="a">Que palique / Sergent Garcia</marc:subfield>
      </marc:datafield>
      <marc:datafield tag="501" ind1=" " ind2=" ">
         <marc:subfield code="a">L'amor és Deú en barca / Miquel Gil</marc:subfield>
      </marc:datafield>
      <marc:datafield tag="501" ind1=" " ind2=" ">
         <marc:subfield code="a">Brief aus Bagdad / Duo Sonnenschirm</marc:subfield>
      </marc:datafield>
      <marc:datafield tag="501" ind1=" " ind2=" ">
         <marc:subfield code="a">Gud styrke nig / Ranarim</marc:subfield>
      </marc:datafield>
      <marc:datafield tag="501" ind1=" " ind2=" ">
         <marc:subfield code="a">Milonga para as Missôes / Renato Borghetti</marc:subfield>
      </marc:datafield>
      <marc:datafield tag="501" ind1=" " ind2=" ">
         <marc:subfield code="a">Piv-i-Rov / Original Danish Polcalypso Orchestra</marc:subfield>
      </marc:datafield>
      <marc:datafield tag="501" ind1=" " ind2=" ">
         <marc:subfield code="a">Time square / Marianne Faithfull</marc:subfield>
      </marc:datafield>
      <marc:datafield tag="591" ind1=" " ind2=" ">
         <marc:subfield code="a">IMD-Felder und 1131 maschinell ergänzt (SWB)</marc:subfield>
      </marc:datafield>
      <marc:datafield tag="655" ind1=" " ind2="7">
         <marc:subfield code="a">CD</marc:subfield>
         <marc:subfield code="0">(DE-588)4522869-3</marc:subfield>
         <marc:subfield code="0">(DE-627)251637565</marc:subfield>
         <marc:subfield code="0">(DE-576)213310740</marc:subfield>
         <marc:subfield code="2">gnd-carrier</marc:subfield>
      </marc:datafield>
      <marc:datafield tag="700" ind1="1" ind2=" ">
         <marc:subfield code="a">Rundek, Darko</marc:subfield>
         <marc:subfield code="4">prf</marc:subfield>
      </marc:datafield>
      <marc:datafield tag="700" ind1="1" ind2=" ">
         <marc:subfield code="a">Page, Jim</marc:subfield>
         <marc:subfield code="4">prf</marc:subfield>
      </marc:datafield>
      <marc:datafield tag="700" ind1="0" ind2=" ">
         <marc:subfield code="a">Artis</marc:subfield>
         <marc:subfield code="0">(DE-627)1325785075</marc:subfield>
         <marc:subfield code="0">(DE-576)255785070</marc:subfield>
         <marc:subfield code="4">prf</marc:subfield>
      </marc:datafield>
      <marc:datafield tag="700" ind1="1" ind2=" ">
         <marc:subfield code="a">García, Sergent</marc:subfield>
         <marc:subfield code="d">1964-</marc:subfield>
         <marc:subfield code="0">(DE-588)135459958</marc:subfield>
         <marc:subfield code="0">(DE-627)57662747X</marc:subfield>
         <marc:subfield code="0">(DE-576)260503355</marc:subfield>
         <marc:subfield code="4">prf</marc:subfield>
      </marc:datafield>
      <marc:datafield tag="700" ind1="1" ind2=" ">
         <marc:subfield code="a">Gil, Miquel</marc:subfield>
         <marc:subfield code="0">(DE-588)135411718</marc:subfield>
         <marc:subfield code="0">(DE-627)576587265</marc:subfield>
         <marc:subfield code="0">(DE-576)255788797</marc:subfield>
         <marc:subfield code="4">prf</marc:subfield>
      </marc:datafield>
      <marc:datafield tag="700" ind1="1" ind2=" ">
         <marc:subfield code="a">Borghetti, Renato</marc:subfield>
         <marc:subfield code="4">prf</marc:subfield>
      </marc:datafield>
      <marc:datafield tag="700" ind1="1" ind2=" ">
         <marc:subfield code="a">Faithfull, Marianne</marc:subfield>
         <marc:subfield code="d">1946-</marc:subfield>
         <marc:subfield code="0">(DE-588)119122448</marc:subfield>
         <marc:subfield code="0">(DE-627)079916937</marc:subfield>
         <marc:subfield code="0">(DE-576)177216786</marc:subfield>
         <marc:subfield code="4">prf</marc:subfield>
      </marc:datafield>
      <marc:datafield tag="710" ind1="2" ind2=" ">
         <marc:subfield code="a">Biermösl Blosn</marc:subfield>
         <marc:subfield code="0">(DE-588)3015681-6</marc:subfield>
         <marc:subfield code="0">(DE-627)123673143</marc:subfield>
         <marc:subfield code="0">(DE-576)19438828X</marc:subfield>
         <marc:subfield code="4">prf</marc:subfield>
      </marc:datafield>
      <marc:datafield tag="710" ind1="2" ind2=" ">
         <marc:subfield code="a">Eläkeläiset</marc:subfield>
         <marc:subfield code="g">Musikgruppe</marc:subfield>
         <marc:subfield code="0">(DE-588)10148073-8</marc:subfield>
         <marc:subfield code="0">(DE-627)517903598</marc:subfield>
         <marc:subfield code="0">(DE-576)255787588</marc:subfield>
         <marc:subfield code="4">prf</marc:subfield>
      </marc:datafield>
      <marc:datafield tag="710" ind1="2" ind2=" ">
         <marc:subfield code="a">Tango Crash</marc:subfield>
         <marc:subfield code="0">(DE-588)10148339-9</marc:subfield>
         <marc:subfield code="0">(DE-627)518251845</marc:subfield>
         <marc:subfield code="0">(DE-576)255787960</marc:subfield>
         <marc:subfield code="4">prf</marc:subfield>
      </marc:datafield>
      <marc:datafield tag="710" ind1="2" ind2=" ">
         <marc:subfield code="a">Duo Sonnenschirm</marc:subfield>
         <marc:subfield code="0">(DE-588)5124170-5</marc:subfield>
         <marc:subfield code="0">(DE-627)183834305</marc:subfield>
         <marc:subfield code="0">(DE-576)195152727</marc:subfield>
         <marc:subfield code="4">prf</marc:subfield>
      </marc:datafield>
      <marc:datafield tag="710" ind1="2" ind2=" ">
         <marc:subfield code="a">Ranarim</marc:subfield>
         <marc:subfield code="0">(DE-588)10148074-X</marc:subfield>
         <marc:subfield code="0">(DE-627)714306223</marc:subfield>
         <marc:subfield code="0">(DE-576)25578936X</marc:subfield>
         <marc:subfield code="4">prf</marc:subfield>
      </marc:datafield>
      <marc:datafield tag="710" ind1="2" ind2=" ">
         <marc:subfield code="a">Original Danish Polcalypso Orchestra</marc:subfield>
         <marc:subfield code="0">(DE-588)10148067-2</marc:subfield>
         <marc:subfield code="0">(DE-627)714306185</marc:subfield>
         <marc:subfield code="0">(DE-576)255791607</marc:subfield>
         <marc:subfield code="4">prf</marc:subfield>
      </marc:datafield>
      <marc:datafield tag="710" ind1="2" ind2=" ">
         <marc:subfield code="a">Darko Rundek &amp; Cargo Orkestar</marc:subfield>
         <marc:subfield code="0">(DE-588)10147313-8</marc:subfield>
         <marc:subfield code="0">(DE-627)517542366</marc:subfield>
         <marc:subfield code="0">(DE-576)255763670</marc:subfield>
         <marc:subfield code="4">prf</marc:subfield>
      </marc:datafield>
      <marc:datafield tag="710" ind1="2" ind2=" ">
         <marc:subfield code="a">Berimbrown</marc:subfield>
         <marc:subfield code="0">(DE-588)10147314-X</marc:subfield>
         <marc:subfield code="0">(DE-627)714302775</marc:subfield>
         <marc:subfield code="0">(DE-576)255763786</marc:subfield>
         <marc:subfield code="4">prf</marc:subfield>
      </marc:datafield>
      <marc:datafield tag="710" ind1="2" ind2=" ">
         <marc:subfield code="a">Còr de la Plana</marc:subfield>
         <marc:subfield code="0">(DE-588)10147349-7</marc:subfield>
         <marc:subfield code="0">(DE-627)517542706</marc:subfield>
         <marc:subfield code="0">(DE-576)255764162</marc:subfield>
         <marc:subfield code="4">prf</marc:subfield>
      </marc:datafield>
      <marc:datafield tag="710" ind1="2" ind2=" ">
         <marc:subfield code="a">The Chieftains</marc:subfield>
         <marc:subfield code="0">(DE-588)3016264-6</marc:subfield>
         <marc:subfield code="0">(DE-627)124366457</marc:subfield>
         <marc:subfield code="0">(DE-576)194421597</marc:subfield>
         <marc:subfield code="4">prf</marc:subfield>
      </marc:datafield>
      <marc:datafield tag="710" ind1="2" ind2=" ">
         <marc:subfield code="a">Kardes Türküler</marc:subfield>
         <marc:subfield code="0">(DE-588)10148329-6</marc:subfield>
         <marc:subfield code="0">(DE-627)518251748</marc:subfield>
         <marc:subfield code="0">(DE-576)255779666</marc:subfield>
         <marc:subfield code="4">prf</marc:subfield>
      </marc:datafield>
      <marc:datafield tag="710" ind1="2" ind2=" ">
         <marc:subfield code="a">Jonianet</marc:subfield>
         <marc:subfield code="0">(DE-588)10148325-9</marc:subfield>
         <marc:subfield code="0">(DE-627)714306770</marc:subfield>
         <marc:subfield code="0">(DE-576)255785526</marc:subfield>
         <marc:subfield code="4">prf</marc:subfield>
      </marc:datafield>
      <marc:datafield tag="710" ind1="2" ind2=" ">
         <marc:subfield code="a">Tri-Continental</marc:subfield>
         <marc:subfield code="0">(DE-588)16036504-1</marc:subfield>
         <marc:subfield code="0">(DE-627)613368460</marc:subfield>
         <marc:subfield code="0">(DE-576)313304238</marc:subfield>
         <marc:subfield code="4">prf</marc:subfield>
      </marc:datafield>
      <marc:datafield tag="710" ind1="2" ind2=" ">
         <marc:subfield code="a">Giant Sand</marc:subfield>
         <marc:subfield code="g">Musikgruppe</marc:subfield>
         <marc:subfield code="0">(DE-588)10148340-5</marc:subfield>
         <marc:subfield code="0">(DE-627)518251853</marc:subfield>
         <marc:subfield code="0">(DE-576)255786387</marc:subfield>
         <marc:subfield code="4">prf</marc:subfield>
      </marc:datafield>
      <marc:datafield tag="710" ind1="2" ind2=" ">
         <marc:subfield code="a">MDR Figaro</marc:subfield>
         <marc:subfield code="0">(DE-588)10100767-X</marc:subfield>
         <marc:subfield code="0">(DE-627)483890146</marc:subfield>
         <marc:subfield code="0">(DE-576)200249053</marc:subfield>
         <marc:subfield code="4">oth</marc:subfield>
      </marc:datafield>
      <marc:datafield tag="710" ind1="2" ind2=" ">
         <marc:subfield code="a">Deutschlandradio</marc:subfield>
         <marc:subfield code="0">(DE-588)10071074-8</marc:subfield>
         <marc:subfield code="0">(DE-627)377811610</marc:subfield>
         <marc:subfield code="0">(DE-576)199740712</marc:subfield>
         <marc:subfield code="4">oth</marc:subfield>
      </marc:datafield>
      <marc:datafield tag="710" ind1="2" ind2=" ">
         <marc:subfield code="a">Deutsche Welle</marc:subfield>
         <marc:subfield code="0">(DE-588)10085357-2</marc:subfield>
         <marc:subfield code="0">(DE-627)393085503</marc:subfield>
         <marc:subfield code="0">(DE-576)199954224</marc:subfield>
         <marc:subfield code="4">oth</marc:subfield>
      </marc:datafield>
      <marc:datafield tag="710" ind1="2" ind2=" ">
         <marc:subfield code="a">Westdeutscher Rundfunk Köln</marc:subfield>
         <marc:subfield code="b">WDR 3</marc:subfield>
         <marc:subfield code="0">(DE-588)10038160-1</marc:subfield>
         <marc:subfield code="0">(DE-627)348148941</marc:subfield>
         <marc:subfield code="0">(DE-576)199145555</marc:subfield>
         <marc:subfield code="4">oth</marc:subfield>
      </marc:datafield>
      <marc:datafield tag="710" ind1="2" ind2=" ">
         <marc:subfield code="a">Der Bayerische Rundfunk</marc:subfield>
         <marc:subfield code="b">Bayern2Radio</marc:subfield>
         <marc:subfield code="0">(DE-588)10176363-3</marc:subfield>
         <marc:subfield code="0">(DE-627)538747145</marc:subfield>
         <marc:subfield code="0">(DE-576)265657628</marc:subfield>
         <marc:subfield code="4">oth</marc:subfield>
      </marc:datafield>
      <marc:datafield tag="773" ind1="1" ind2="8">
         <marc:subfield code="w">(DE-627)1325600245</marc:subfield>
         <marc:subfield code="w">(DE-576)255600240</marc:subfield>
         <marc:subfield code="g">CD</marc:subfield>
         <marc:subfield code="q">CD</marc:subfield>
         <marc:subfield code="7">|||m</marc:subfield>
      </marc:datafield>
      <marc:datafield tag="935" ind1=" " ind2=" ">
         <marc:subfield code="c">muto</marc:subfield>
      </marc:datafield>
      <marc:datafield tag="936" ind1="r" ind2="v">
         <marc:subfield code="a">LV 78000</marc:subfield>
         <marc:subfield code="b">Allgemeines</marc:subfield>
         <marc:subfield code="k">Musikwissenschaft</marc:subfield>
         <marc:subfield code="k">III. Tonträger</marc:subfield>
         <marc:subfield code="k">Musikalische Volks- und Völkerkunde: Tonträger</marc:subfield>
         <marc:subfield code="k">Musik der außereuropäischen Völker - Tonträger</marc:subfield>
         <marc:subfield code="k">Afroamerikanische Musik, internationaler Schlager, Popmusik, Rockmusik, Worldmusic, Jazz u.a.</marc:subfield>
         <marc:subfield code="k">Allgemeines</marc:subfield>
         <marc:subfield code="0">(DE-627)1272156540</marc:subfield>
         <marc:subfield code="0">(DE-625)rvk/114908:</marc:subfield>
         <marc:subfield code="0">(DE-576)202156540</marc:subfield>
      </marc:datafield>
      <marc:datafield tag="951" ind1=" " ind2=" ">
         <marc:subfield code="a">MV</marc:subfield>
      </marc:datafield>
   </marc:record>