
   <marc:record>
      <marc:leader>     cjm a22       c4500</marc:leader>
      <marc:controlfield tag="001">254593275</marc:controlfield>
      <marc:controlfield tag="003">DE-576</marc:controlfield>
      <marc:controlfield tag="005">20180726093614.0</marc:controlfield>
      <marc:controlfield tag="007">sd uuuuuuuuuuu</marc:controlfield>
      <marc:controlfield tag="008">060620s2005    xx ||||| |||| |   | ger c</marc:controlfield>
      <marc:datafield tag="035" ind1=" " ind2=" ">
         <marc:subfield code="a">(DE-627)132459327X</marc:subfield>
      </marc:datafield>
      <marc:datafield tag="035" ind1=" " ind2=" ">
         <marc:subfield code="a">(DE-576)254593275</marc:subfield>
      </marc:datafield>
      <marc:datafield tag="035" ind1=" " ind2=" ">
         <marc:subfield code="a">(DE-599)BSZ254593275</marc:subfield>
      </marc:datafield>
      <marc:datafield tag="035" ind1=" " ind2=" ">
         <marc:subfield code="a">(OCoLC)314814648</marc:subfield>
      </marc:datafield>
      <marc:datafield tag="035" ind1=" " ind2=" ">
         <marc:subfield code="a">(OCoLC)1030371102</marc:subfield>
      </marc:datafield>
      <marc:datafield tag="040" ind1=" " ind2=" ">
         <marc:subfield code="a">DE-576</marc:subfield>
         <marc:subfield code="b">ger</marc:subfield>
         <marc:subfield code="c">DE-576</marc:subfield>
         <marc:subfield code="e">rakwb</marc:subfield>
      </marc:datafield>
      <marc:datafield tag="041" ind1=" " ind2=" ">
         <marc:subfield code="a">ger</marc:subfield>
      </marc:datafield>
      <marc:datafield tag="245" ind1="1" ind2="4">
         <marc:subfield code="a">Die Entdeckung des sozialkritischen Liedes</marc:subfield>
         <marc:subfield code="b">zum 100. Geburtstag von Wolfgang Steinitz</marc:subfield>
         <marc:subfield code="n">Bonus-CD</marc:subfield>
         <marc:subfield code="p">Steinitzsingen : Lieder aus der "Bibel" des deutschen Folkrevivals / Red.: Bernhard Hanneken</marc:subfield>
         <marc:subfield code="c">hrsg. von Eckhard John</marc:subfield>
      </marc:datafield>
      <marc:datafield tag="264" ind1=" " ind2="1">
         <marc:subfield code="a">[S.l.]</marc:subfield>
         <marc:subfield code="c">[ca. 2005]</marc:subfield>
      </marc:datafield>
      <marc:datafield tag="300" ind1=" " ind2=" ">
         <marc:subfield code="a">1 CD</marc:subfield>
         <marc:subfield code="c">12 cm</marc:subfield>
      </marc:datafield>
      <marc:datafield tag="336" ind1=" " ind2=" ">
         <marc:subfield code="a">aufgeführte Musik</marc:subfield>
         <marc:subfield code="b">prm</marc:subfield>
         <marc:subfield code="2">rdacontent</marc:subfield>
      </marc:datafield>
      <marc:datafield tag="337" ind1=" " ind2=" ">
         <marc:subfield code="a">audio</marc:subfield>
         <marc:subfield code="b">s</marc:subfield>
         <marc:subfield code="2">rdamedia</marc:subfield>
      </marc:datafield>
      <marc:datafield tag="338" ind1=" " ind2=" ">
         <marc:subfield code="a">Audiodisk</marc:subfield>
         <marc:subfield code="b">sd</marc:subfield>
         <marc:subfield code="2">rdacarrier</marc:subfield>
      </marc:datafield>
      <marc:datafield tag="490" ind1="1" ind2=" ">
         <marc:subfield code="a">Volksliedstudien</marc:subfield>
         <marc:subfield code="v">7, CD</marc:subfield>
      </marc:datafield>
      <marc:datafield tag="500" ind1=" " ind2=" ">
         <marc:subfield code="a">tff BonusCD zum 100. Geburtstag von Wolfgang Steinitz; Beilage zum TFF Programmheft 2005 anlässlich des internationalen Symposiums "Die Entdeckung des sozialkritischen Liedes" zum 100. Geburtstag des Volkskundlers Wolfgang Steinitz; Lieder aus der Sammlung "Deutsche Volkslieder demokratischen Charakters aus sechs Jahrhunderten von Wolfgang Steinitz, erschienen in 2 Bänden 1954 und 1962 im Akademie-Verlag Berlin/DDR</marc:subfield>
      </marc:datafield>
      <marc:datafield tag="501" ind1=" " ind2=" ">
         <marc:subfield code="a">Auf, auf, zum Kampf / Kapelle Vorwärts, Groß-Rohrheim</marc:subfield>
      </marc:datafield>
      <marc:datafield tag="501" ind1=" " ind2=" ">
         <marc:subfield code="a">Mein Vater ist Bergmann / Jakob Veith. Hans Dinant</marc:subfield>
      </marc:datafield>
      <marc:datafield tag="501" ind1=" " ind2=" ">
         <marc:subfield code="a">O, ich armer Lothringer Bur / Alfons Obry</marc:subfield>
      </marc:datafield>
      <marc:datafield tag="501" ind1=" " ind2=" ">
         <marc:subfield code="a">(Ei was hat es jetzt für) Schlimme Zeiten / Folkländer</marc:subfield>
      </marc:datafield>
      <marc:datafield tag="501" ind1=" " ind2=" ">
         <marc:subfield code="a">Ich bin ein freier Bauernknecht / Horch</marc:subfield>
      </marc:datafield>
      <marc:datafield tag="501" ind1=" " ind2=" ">
         <marc:subfield code="a">Das Blutgericht / Karl-Heinz Weichert</marc:subfield>
      </marc:datafield>
      <marc:datafield tag="501" ind1=" " ind2=" ">
         <marc:subfield code="a">Der unerbittliche Hauptmann / Landluper</marc:subfield>
      </marc:datafield>
      <marc:datafield tag="501" ind1=" " ind2=" ">
         <marc:subfield code="a">Wir haben im Felde gestanden / Moin</marc:subfield>
      </marc:datafield>
      <marc:datafield tag="501" ind1=" " ind2=" ">
         <marc:subfield code="a">Kerkerlied (Im tiefen Kerker...) / Hermann Hähnel</marc:subfield>
      </marc:datafield>
      <marc:datafield tag="501" ind1=" " ind2=" ">
         <marc:subfield code="a">Ich hatte mich einmal den Preußen verschrieben (Der Deserteur) / Tom Kannmacher &amp; Jürgen Schöntges</marc:subfield>
      </marc:datafield>
      <marc:datafield tag="501" ind1=" " ind2=" ">
         <marc:subfield code="a">Die Festung von Landau / Leipziger Folk Session Band</marc:subfield>
      </marc:datafield>
      <marc:datafield tag="501" ind1=" " ind2=" ">
         <marc:subfield code="a">Der Herzog Karl von Braunschweig ist auch fortgejagt / Horst Grimm &amp; Mani Goetz</marc:subfield>
      </marc:datafield>
      <marc:datafield tag="501" ind1=" " ind2=" ">
         <marc:subfield code="a">Wo soll ich mich hinwenden/Flandern in Not / Singspiel</marc:subfield>
      </marc:datafield>
      <marc:datafield tag="501" ind1=" " ind2=" ">
         <marc:subfield code="a">Die schöne Bernauerin / Tonschusser</marc:subfield>
      </marc:datafield>
      <marc:datafield tag="501" ind1=" " ind2=" ">
         <marc:subfield code="a">Die Krähwinkler Landwehr / Folkländer. Liederjan</marc:subfield>
      </marc:datafield>
      <marc:datafield tag="501" ind1=" " ind2=" ">
         <marc:subfield code="a">Die Gedanken sind frei / Die Wahrheit</marc:subfield>
      </marc:datafield>
      <marc:datafield tag="591" ind1=" " ind2=" ">
         <marc:subfield code="a">IMD-Felder und 1131 maschinell ergänzt (SWB)</marc:subfield>
      </marc:datafield>
      <marc:datafield tag="655" ind1=" " ind2="7">
         <marc:subfield code="a">CD</marc:subfield>
         <marc:subfield code="0">(DE-588)4522869-3</marc:subfield>
         <marc:subfield code="0">(DE-627)251637565</marc:subfield>
         <marc:subfield code="0">(DE-576)213310740</marc:subfield>
         <marc:subfield code="2">gnd-carrier</marc:subfield>
      </marc:datafield>
      <marc:datafield tag="700" ind1="1" ind2=" ">
         <marc:subfield code="a">Hanneken, Bernhard</marc:subfield>
         <marc:subfield code="d">1953-</marc:subfield>
         <marc:subfield code="e">Red</marc:subfield>
         <marc:subfield code="0">(DE-588)1043937188</marc:subfield>
         <marc:subfield code="0">(DE-627)771052235</marc:subfield>
         <marc:subfield code="0">(DE-576)17422043X</marc:subfield>
         <marc:subfield code="4">adp</marc:subfield>
      </marc:datafield>
      <marc:datafield tag="700" ind1="1" ind2=" ">
         <marc:subfield code="a">Steinitz, Wolfgang</marc:subfield>
         <marc:subfield code="d">1905-1967</marc:subfield>
         <marc:subfield code="e">GefeierteR</marc:subfield>
         <marc:subfield code="0">(DE-588)118798626</marc:subfield>
         <marc:subfield code="0">(DE-627)079574076</marc:subfield>
         <marc:subfield code="0">(DE-576)163183376</marc:subfield>
         <marc:subfield code="4">hnr</marc:subfield>
      </marc:datafield>
      <marc:datafield tag="700" ind1="1" ind2=" ">
         <marc:subfield code="a">Veith, Jakob</marc:subfield>
         <marc:subfield code="4">prf</marc:subfield>
      </marc:datafield>
      <marc:datafield tag="700" ind1="1" ind2=" ">
         <marc:subfield code="a">Dinant, Hans</marc:subfield>
         <marc:subfield code="4">prf</marc:subfield>
      </marc:datafield>
      <marc:datafield tag="700" ind1="1" ind2=" ">
         <marc:subfield code="a">Obry, Alfons</marc:subfield>
         <marc:subfield code="4">prf</marc:subfield>
      </marc:datafield>
      <marc:datafield tag="700" ind1="1" ind2=" ">
         <marc:subfield code="a">Weichert, Karl-Heinz</marc:subfield>
         <marc:subfield code="4">prf</marc:subfield>
      </marc:datafield>
      <marc:datafield tag="700" ind1="1" ind2=" ">
         <marc:subfield code="a">Hähnel, Hermann</marc:subfield>
         <marc:subfield code="4">prf</marc:subfield>
      </marc:datafield>
      <marc:datafield tag="700" ind1="1" ind2=" ">
         <marc:subfield code="a">Kannmacher, Tom</marc:subfield>
         <marc:subfield code="4">prf</marc:subfield>
      </marc:datafield>
      <marc:datafield tag="700" ind1="1" ind2=" ">
         <marc:subfield code="a">Schöntges, Jürgen</marc:subfield>
         <marc:subfield code="d">1949-</marc:subfield>
         <marc:subfield code="0">(DE-588)103832432</marc:subfield>
         <marc:subfield code="0">(DE-627)525517227</marc:subfield>
         <marc:subfield code="0">(DE-576)168421151</marc:subfield>
         <marc:subfield code="4">prf</marc:subfield>
      </marc:datafield>
      <marc:datafield tag="700" ind1="1" ind2=" ">
         <marc:subfield code="a">Grimm, Horst</marc:subfield>
         <marc:subfield code="4">prf</marc:subfield>
      </marc:datafield>
      <marc:datafield tag="700" ind1="1" ind2=" ">
         <marc:subfield code="a">Goetz, Mani</marc:subfield>
         <marc:subfield code="4">prf</marc:subfield>
      </marc:datafield>
      <marc:datafield tag="710" ind1="2" ind2=" ">
         <marc:subfield code="a">Kapelle Vorwärts</marc:subfield>
         <marc:subfield code="0">(DE-588)10143395-5</marc:subfield>
         <marc:subfield code="0">(DE-627)714291528</marc:subfield>
         <marc:subfield code="0">(DE-576)254596738</marc:subfield>
         <marc:subfield code="4">prf</marc:subfield>
      </marc:datafield>
      <marc:datafield tag="710" ind1="2" ind2=" ">
         <marc:subfield code="a">Liederjan</marc:subfield>
         <marc:subfield code="g">Musikgruppe</marc:subfield>
         <marc:subfield code="0">(DE-588)5204120-7</marc:subfield>
         <marc:subfield code="0">(DE-627)227062566</marc:subfield>
         <marc:subfield code="0">(DE-576)196113598</marc:subfield>
         <marc:subfield code="4">prf</marc:subfield>
      </marc:datafield>
      <marc:datafield tag="710" ind1="2" ind2=" ">
         <marc:subfield code="a">Wahrheit</marc:subfield>
         <marc:subfield code="g">Musikgruppe</marc:subfield>
         <marc:subfield code="0">(DE-588)10144707-3</marc:subfield>
         <marc:subfield code="0">(DE-627)516598392</marc:subfield>
         <marc:subfield code="0">(DE-576)254901069</marc:subfield>
         <marc:subfield code="4">prf</marc:subfield>
      </marc:datafield>
      <marc:datafield tag="710" ind1="2" ind2=" ">
         <marc:subfield code="a">Folkländer</marc:subfield>
         <marc:subfield code="0">(DE-588)10018731-6</marc:subfield>
         <marc:subfield code="0">(DE-627)327949406</marc:subfield>
         <marc:subfield code="0">(DE-576)198423322</marc:subfield>
         <marc:subfield code="4">prf</marc:subfield>
      </marc:datafield>
      <marc:datafield tag="710" ind1="2" ind2=" ">
         <marc:subfield code="a">Horch</marc:subfield>
         <marc:subfield code="0">(DE-588)10144716-4</marc:subfield>
         <marc:subfield code="0">(DE-627)516598473</marc:subfield>
         <marc:subfield code="0">(DE-576)254897819</marc:subfield>
         <marc:subfield code="4">prf</marc:subfield>
      </marc:datafield>
      <marc:datafield tag="710" ind1="2" ind2=" ">
         <marc:subfield code="a">Landluper</marc:subfield>
         <marc:subfield code="0">(DE-588)10144713-9</marc:subfield>
         <marc:subfield code="0">(DE-627)714295787</marc:subfield>
         <marc:subfield code="0">(DE-576)254898548</marc:subfield>
         <marc:subfield code="4">prf</marc:subfield>
      </marc:datafield>
      <marc:datafield tag="710" ind1="2" ind2=" ">
         <marc:subfield code="a">Moin</marc:subfield>
         <marc:subfield code="0">(DE-588)10018724-9</marc:subfield>
         <marc:subfield code="0">(DE-627)327949333</marc:subfield>
         <marc:subfield code="0">(DE-576)19842325X</marc:subfield>
         <marc:subfield code="4">prf</marc:subfield>
      </marc:datafield>
      <marc:datafield tag="710" ind1="2" ind2=" ">
         <marc:subfield code="a">Leipziger Folk Session Band</marc:subfield>
         <marc:subfield code="0">(DE-588)5537182-6</marc:subfield>
         <marc:subfield code="0">(DE-627)713899247</marc:subfield>
         <marc:subfield code="0">(DE-576)199236356</marc:subfield>
         <marc:subfield code="4">prf</marc:subfield>
      </marc:datafield>
      <marc:datafield tag="710" ind1="2" ind2=" ">
         <marc:subfield code="a">Singspiel</marc:subfield>
         <marc:subfield code="0">(DE-588)10144711-5</marc:subfield>
         <marc:subfield code="0">(DE-627)714295779</marc:subfield>
         <marc:subfield code="0">(DE-576)254899765</marc:subfield>
         <marc:subfield code="4">prf</marc:subfield>
      </marc:datafield>
      <marc:datafield tag="710" ind1="2" ind2=" ">
         <marc:subfield code="a">Tonschusser</marc:subfield>
         <marc:subfield code="0">(DE-588)10144709-7</marc:subfield>
         <marc:subfield code="0">(DE-627)714295760</marc:subfield>
         <marc:subfield code="0">(DE-576)254900607</marc:subfield>
         <marc:subfield code="4">prf</marc:subfield>
      </marc:datafield>
      <marc:datafield tag="710" ind1="2" ind2=" ">
         <marc:subfield code="a">Folkländer</marc:subfield>
         <marc:subfield code="0">(DE-588)10018731-6</marc:subfield>
         <marc:subfield code="0">(DE-627)327949406</marc:subfield>
         <marc:subfield code="0">(DE-576)198423322</marc:subfield>
         <marc:subfield code="4">prf</marc:subfield>
      </marc:datafield>
      <marc:datafield tag="773" ind1="1" ind2="8">
         <marc:subfield code="w">(DE-627)1329867882</marc:subfield>
         <marc:subfield code="w">(DE-576)259867888</marc:subfield>
         <marc:subfield code="g">CD</marc:subfield>
         <marc:subfield code="q">cd</marc:subfield>
         <marc:subfield code="7">|||m</marc:subfield>
      </marc:datafield>
      <marc:datafield tag="830" ind1=" " ind2="0">
         <marc:subfield code="a">Volksliedstudien</marc:subfield>
         <marc:subfield code="v">7, CD</marc:subfield>
         <marc:subfield code="9">7,cd</marc:subfield>
         <marc:subfield code="w">(DE-627)345200721</marc:subfield>
         <marc:subfield code="w">(DE-576)091118638</marc:subfield>
         <marc:subfield code="w">(DE-600)2074830-9</marc:subfield>
         <marc:subfield code="x">1617-0555</marc:subfield>
      </marc:datafield>
      <marc:datafield tag="935" ind1=" " ind2=" ">
         <marc:subfield code="c">muto</marc:subfield>
      </marc:datafield>
      <marc:datafield tag="951" ind1=" " ind2=" ">
         <marc:subfield code="a">MV</marc:subfield>
      </marc:datafield>
   </marc:record>